@article{Murata1989,
author = {Murata, Tadao},
journal = {Proceedings of the IEEE},
number = {4},
pages = {541--580},
title = {{Petri Nets: Properties, Analysis and Applications}},
url = {http://ieeexplore.ieee.org/xpls/abs\_all.jsp?arnumber=24143},
volume = {77},
year = {1989}
}

@article{Bruni2013,
author = {Bruni, Roberto and Melgratti, Hernan and Montanari, Ugo and Soboci{\'n}ski, Pawe{\l}},
doi = {10.2168/LMCS-9(3:16)2013},
editor = {Katoen, Joost-Pieter},
issn = {18605974},
journal = {Logical Methods in Computer Science},
keywords = {and phrases,c,connector algebras,e nets with boundaries,p,t nets with boundaries,tiles},
month = sep,
number = {3},
title = {{Connector algebras for C/E and P/T nets' Interactions}},
url = {http://eprints.soton.ac.uk/339065/ http://www.lmcs-online.org/ojs/viewarticle.php?id=1189},
volume = {9},
year = {2013}
}

@article{Corbett1996,
author = {Corbett, James C.},
doi = {10.1109/32.489078},
issn = {00985589},
journal = {IEEE Transactions on Software Engineering},
month = mar,
number = {3},
pages = {161--180},
title = {{Evaluating Deadlock Detection Methods for Concurrent Software}},
url = {http://ieeexplore.ieee.org/lpdocs/epic03/wrapper.htm?arnumber=489078},
volume = {22},
year = {1996}
}

@article{Esparza1996,
author = {Esparza, Javier and R\"{o}mer, Stefan and Vogler, Walter},
journal = {LNCS - Tools and Algorithms for the Construction and Analysis of Systems},
pages = {87--106},
title = {{An Improvement of McMillan's Unfolding Algorithm}},
url = {http://www.springerlink.com/index/77863336g3776g88.pdf},
volume = {1055},
year = {1996}
}

@inproceedings{Sobocinski2013a,
author = {Soboci{\'n}ski, Pawe{\l}},
booktitle = {Algebra and Coalgebra in Computer Science},
editor = {Heckel, Reiko and Milius, Stefan},
pages = {282--298},
publisher = {Springer Berlin Heidelberg},
title = {{Nets, Relations and Linking Diagrams}},
url = {http://link.springer.com/chapter/10.1007/978-3-642-40206-7\_21},
year = {2013}
}

@article{Cheng1995,
author = {Cheng, Allan and Esparza, Javier and Palsberg, Jens},
doi = {10.1016/0304-3975(94)00231-7},
issn = {03043975},
journal = {Theoretical Computer Science},
month = aug,
number = {1-2},
pages = {117--136},
title = {{Complexity Results for 1-safe Nets}},
url = {http://linkinghub.elsevier.com/retrieve/pii/0304397594002317},
volume = {147},
year = {1995}
}

@article{Thiagarajan1987,
author = {Thiagarajan, P.S.},
doi = {10.1007/978-3-540-47919-2\_3},
journal = {Petri Nets: Central Models and Their Properties},
pages = {26--59},
title = {{Elementary Net Systems}},
url = {http://link.springer.com/chapter/10.1007/BFb0046835},
volume = {254},
year = {1987}
}

@incollection{Desel1998,
author = {Desel, J\"{o}rg and Reisig, Wolfgang},
booktitle = {Lectures on Petri Nets I: Basic Models},
doi = {10.1007/3-540-65306-6\_15},
pages = {122--173},
title = {{Place/Transition Petri Nets}},
volume = {1491},
year = {1988}
}

@article{Peterson1977,
author = {Peterson, James L.},
doi = {10.1145/356698.356702},
issn = {03600300},
journal = {ACM Computing Surveys},
month = sep,
number = {3},
pages = {223--252},
title = {{Petri Nets}},
url = {http://portal.acm.org/citation.cfm?doid=356698.356702},
volume = {9},
year = {1977}
}

@article{Bernardinello1992,
author = {Bernardinello, Luca and {De Cindio}, Fiorella},
doi = {10.1007/3-540-55610-9\_177},
journal = {Advances in Petri Nets 1992},
pages = {304--351},
title = {{A Survey of Basic Net Models and Modular Net Classes}},
url = {http://link.springer.com/chapter/10.1007/3-540-55610-9\_177},
volume = {609},
year = {1992}
}

@article{Hinze2005,
author = {Hinze, Ralf},
doi = {10.1017/S0956796804005313},
issn = {0956-7968},
journal = {Journal of Functional Programming},
month = jan,
number = {1},
pages = {1--13},
title = {{Theoretical Pearl: Church Numerals, Twice!}},
url = {http://www.journals.cambridge.org/abstract\_S0956796804005313},
volume = {15},
year = {2005}
}

@inproceedings{Cousot1977,
author = {Cousot, Patrick and Cousot, Radhia},
booktitle = {Proceedings of the 4th ACM SIGACT-SIGPLAN symposium on Principles of Programming Languages},
pages = {238--252},
publisher = {ACM New York},
title = {{Abstract Interpretation: A Unified Lattice Model for Static Analysis of Programs by Construction or Approximation of Fixpoints}},
url = {http://dl.acm.org/citation.cfm?id=512973},
year = {1977}
}

@inproceedings{Sobocinski2014,
author = {Soboci{\'n}ski, Pawe{\l} and Stephens, Owen},
booktitle = {Application and Theory of Petri Nets and Concurrency},
editor = {Ciardo, Gianfranco and Kindler, Ekkart},
keywords = {logical and algebraic calculi,modelling approaches,net-based seman-,system design using nets,tical},
pages = {150--169},
publisher = {Springer International Publishing},
title = {{A Programming Language for Spatial Distribution of Net Systems}},
year = {2014}
}

@inproceedings{Rathke2014,
author = {Rathke, Julian and Soboci{\'n}ski, Pawe{\l} and Stephens, Owen},
booktitle = {Workshop on Reachability Problems},
pages = {230--243},
title = {{Compositional Reachability in Petri Nets}},
publisher = {Springer International Publishing},
year = {2014}
}

@inproceedings{Christensen1993,
author = {Christensen, S\oren and Hansen, Niels Damgaard},
booktitle = {Application and Theory of Petri Nets},
doi = {10.1007/3-540-56863-8\_47},
editor = {Marsan, Marco Ajmone},
number = {5},
pages = {186--205},
publisher = {Springer Berlin Heidelberg},
title = {{Coloured Petri Nets Extended With Place Capacities, Test Arcs and Inhibitor Arcs}},
url = {http://link.springer.com/chapter/10.1007/3-540-56863-8\_47},
year = {1993}
}

@article{Abdulla2004,
author = {Abdulla, Parosh Aziz and Iyer, S. Purushothaman and Nyl\'{e}n, Aletta},
doi = {10.1023/B:FORM.0000004786.30007.f8},
issn = {0925-9856},
journal = {Formal Methods in System Design},
keywords = {coverability,infinite state systems,partial-order methods,petri nets,unfoldings},
month = jan,
number = {1},
pages = {25--43},
title = {{SAT-Solving the Coverability Problem for Petri Nets}},
url = {http://link.springer.com/10.1023/B:FORM.0000004786.30007.f8},
volume = {24},
year = {2004}
}

@incollection{Engelfriet1998,
author = {Engelfriet, Joost and Rozenberg, Grzegorz},
booktitle = {Lectures on Petri Nets I: Basic Models},
doi = {10.1007/3-540-65306-6\_14},
editor = {Rozenberg, Grzegorz and Reisig, Wolfgang},
pages = {12--121},
publisher = {Springer Berlin Heidelberg},
series = {Lecture Notes in Computer Science},
title = {{Elementary Net Systems}},
url = {http://link.springer.com/10.1007/3-540-65306-6},
volume = {1491},
year = {1998}
}

@article{Abel2002,
author = {Abel, Andreas and Altenkirch, Thorsten},
doi = {10.1017/S0956796801004191},
issn = {0956-7968},
journal = {Journal of Functional Programming},
month = jan,
number = {01},
title = {{A Predicative Analysis of Structural Recursion}},
url = {http://www.journals.cambridge.org/abstract\_S0956796801004191},
volume = {12},
year = {2002}
}

@inproceedings{Coquand1992,
author = {Coquand, Thierry},
booktitle = {Workshop on Types for Proofs and Programs},
pages = {66--80},
title = {{Pattern Matching with Dependent Types}},
year = {1992}
}

@article{PeytonJones2003,
  author = {{Peyton Jones}, Simon},
  title = {The {Haskell} 98 Language and Libraries: The Revised Report},
  journal = {Journal of Functional Programming},
  volume = 13,
  number = 1,
  pages = {0--255},
  month = {Jan},
  year = 2003,
}

@misc{MCC2014,
author = {Kordon, F. and Garavel, H. and Hillah, L-M. and Hulin-Hubard, F. and Linard, A. and Beccuti, M. and Evangelista, S. and Hamez, A. and Lohmann, N. and And, E. Lopez and Paviot-Adet, E. and Rodriguez, C. and Rohr, C. and Srba, J.},
title = {{HTML results from the Model Checking Contest @ Petri Nets (2014 edition)}},
url = {http://mcc.lip6.fr/2014},
year = {2014}
}

@inproceedings{Wallner1998,
author = {Wallner, Frank},
booktitle = {Computer Aided Verification},
editor = {Hu, Alan J. and Vardi, Moshe Y.},
number = {342},
pages = {207--218},
publisher = {Springer Berlin Heidelberg},
title = {{Model Checking LTL Using Net Unfoldings}},
url = {http://link.springer.com/chapter/10.1007/BFb0028746},
year = {1998}
}
@inproceedings{Heljanko2000,
author = {Heljanko, Keijo and Esparza, Javier},
booktitle = {International Colloquium On Automata, Languages and Programming1},
pages = {475--486},
publisher = {Springer Berlin Heidelberg},
title = {{A New Unfolding Approach to LTL Model Checking}},
year = {2000}
}
@incollection{Bonet2008,
address = {Berlin, Heidelberg},
author = {Bonet, Blai and Haslum, Patrik and Hickmott, Sarah and Thi\'{e}baux, Sylvie},
booktitle = {Transactions on Petri Nets and Other Models of Concurrency},
editor = {Jensen, Kurt and Aalst, Wil M. P. and Billington, Jonathan},
pages = {172--198},
publisher = {Springer Berlin Heidelberg},
title = {{Directed Unfolding of Petri Nets}},
year = {2008}
}
@article{Burch1992,
author = {Burch, J.R. and Clarke, E.M. and McMillan, K.L. and Dill, D.L. and Hwang, L.J.},
doi = {10.1016/0890-5401(92)90017-A},
issn = {08905401},
journal = {Information and Computation},
month = jun,
number = {2},
pages = {142--170},
title = {{Symbolic Model Checking: 10\^{}20 States and Beyond}},
url = {http://link.springer.com/chapter/10.1007/978-1-4615-3190-6\_3 http://linkinghub.elsevier.com/retrieve/pii/089054019290017A},
volume = {98},
year = {1992}
}
@inproceedings{Coudert1990,
author = {Coudert, Olivier and Berthet, Christian and Madre, Jean Christophe},
booktitle = {International Workshop on Automatic Verification Methods for Finite State Systems},
pages = {365--373},
publisher = {Springer-Verlag},
title = {{Verification of Synchronous Sequential Machines Based on Symbolic Execution}},
url = {http://link.springer.com/chapter/10.1007/3-540-52148-8\_30},
year = {1990}
}
@article{Ip1996,
author = {{Norris Ip}, C. and Dill, David L.},
doi = {10.1007/BF00625968},
issn = {0925-9856},
journal = {Formal Methods in System Design},
month = aug,
number = {1-2},
pages = {41--75},
title = {{Better Verification Through Symmetry}},
url = {http://link.springer.com/article/10.1007/BF00625968 http://link.springer.com/10.1007/BF00625968},
volume = {9},
year = {1996}
}
@inproceedings{Ip1993,
author = {{Norris Ip}, C. and Dill, David L.},
booktitle = {Proceedings of 1993 IEEE International Conference on Computer Design},
doi = {10.1109/ICCD.1993.393375},
isbn = {0-8186-4230-0},
pages = {230--234},
publisher = {IEEE},
title = {{Efficient Verification of Symmetric Concurrent Systems}},
url = {http://ieeexplore.ieee.org/lpdocs/epic03/wrapper.htm?arnumber=393375},
year = {1993}
}

@article{Read1977,
author = {Read, Ronald C. and Corneil, Derek G.},
doi = {10.1002/jgt.3190010410},
issn = {03649024},
journal = {Journal of Graph Theory},
month = jan,
number = {4},
pages = {339--363},
title = {{The Graph Isomorphism Disease}},
url = {http://onlinelibrary.wiley.com/doi/10.1002/jgt.3190010410/abstract http://doi.wiley.com/10.1002/jgt.3190010410},
volume = {1},
year = {1977}
}
@inproceedings{Clarke1998,
address = {Vancouver BC, Canada},
author = {Clarke, E. M. and Emerson, E. A. and Jha, S. and Sistla, A. P.},
booktitle = {Computer Aided Verification},
editor = {Hu, Alan J. and Vardi, Moshe Y.},
number = {388},
pages = {147--158},
publisher = {Springer Berlin Heidelberg},
title = {{Symmetry Reductions in Model Checking}},
url = {http://link.springer.com/chapter/10.1007/BFb0028741},
year = {1998}
}
@article{Sistla2000,
author = {Sistla, AP and Gyuris, V and Emerson, EA},
journal = {ACM Transactions on Software \ldots},
number = {2},
pages = {133--166},
title = {{SMC: a Symmetry-Based Model Checker for Verification of Safety and Liveness Properties}},
url = {http://dl.acm.org/citation.cfm?id=350891},
volume = {9},
year = {2000}
}
@inproceedings{Leuschel2003,
author = {Leuschel, Michael and Butler, Michael},
booktitle = {FME 2003: Formal Methods},
pages = {855--874},
title = {{ProB: A Model Checker for B}},
url = {http://link.springer.com/chapter/10.1007/978-3-540-45236-2\_46},
year = {2003}
}
@article{Holzmann1997,
author = {Holzmann, G.J.},
doi = {10.1109/32.588521},
issn = {00985589},
journal = {IEEE Transactions on Software Engineering},
month = may,
number = {5},
pages = {279--295},
title = {{The Model Checker SPIN}},
url = {http://ieeexplore.ieee.org/lpdocs/epic03/wrapper.htm?arnumber=588521},
volume = {23},
year = {1997}
}
@article{Wahl2010,
author = {Wahl, Thomas and Donaldson, Alastair},
doi = {10.3390/sym2020799},
issn = {2073-8994},
journal = {Symmetry},
month = apr,
number = {2},
pages = {799--847},
title = {{Replication and Abstraction: Symmetry in Automated Formal Verification}},
url = {http://www.mdpi.com/2073-8994/2/2/799/},
volume = {2},
year = {2010}
}
@article{Miller2006,
author = {Miller, Alice and Donaldson, Alastair and Calder, Muffy},
doi = {10.1145/1132960.1132962},
issn = {03600300},
journal = {ACM Computing Surveys},
month = sep,
number = {3},
pages = {1--40},
title = {{Symmetry in Temporal Logic Model Checking}},
url = {http://dl.acm.org/citation.cfm?id=1132962 http://portal.acm.org/citation.cfm?doid=1132960.1132962},
volume = {38},
year = {2006}
}
@inproceedings{Clarke1993a,
author = {Clarke, E and Enders, R and Filkorn, T and Jha, S},
booktitle = {Computer Aided Verification},
pages = {450--462},
title = {{Exploiting Symmetry in Temporal Logic Model Checking}},
url = {http://link.springer.com/article/10.1007/BF00625969},
year = {1993}
}
@inproceedings{Emerson1993,
address = {Berlin, Heidelberg},
author = {Emerson, E. Allen and Sistla, A. Prasad},
booktitle = {Computer Aided Verification},
doi = {10.1007/3-540-56922-7},
editor = {Courcoubetis, Costas},
isbn = {978-3-540-56922-0},
issn = {0925-9856},
month = aug,
number = {1-2},
pages = {105--131},
publisher = {Springer Berlin Heidelberg},
series = {Lecture Notes in Computer Science},
title = {{Symmetry And Model Checking}},
url = {http://link.springer.com/10.1007/BF00625970 http://www.springerlink.com/index/10.1007/3-540-56922-7},
volume = {697},
year = {1993}
}
@article{Schmidt2000,
author = {Schmidt, Karsten},
doi = {10.1007/s002360050002},
issn = {0001-5903},
journal = {Acta Informatica},
month = jan,
number = {7},
pages = {545--590},
title = {{How to Calculate Symmetries of Petri nets}},
url = {http://link.springer.com/article/10.1007/s002360050002 http://link.springer.com/10.1007/s002360050002},
volume = {36},
year = {2000}
}
@article{Junttila2001,
author = {Junttila, Tommi A.},
journal = {Journal of Universal Computer Science},
number = {4},
pages = {307--326},
title = {{Computational Complexity of the Place / Transition-Net Symmetry Reduction Method}},
volume = {7},
year = {2001}
}
@book{Milner1980,
abstract = {Lecture Notes in Computer Science Volume , 1990, pp},
author = {Milner, Robin},
booktitle = {Lecture Notes in Computer Science},
doi = {10.1007/3-540-10235-3},
isbn = {3540530487},
publisher = {Springer Berlin Heidelberg},
title = {{A Calculus of Communicating Systems}},
volume = {92},
year = {1990}
}
@inproceedings{Clarke1989,
author = {Clarke, E. M. and Long, D. E. and McMillan, K. L.},
booktitle = {Proceedings of the Fourth IEEE Symposium on Logic in Computer Science},
number = {4976},
pages = {353--362},
title = {{Compositional Model Checking}},
url = {http://ieeexplore.ieee.org/xpls/abs\_all.jsp?arnumber=39190},
year = {1989}
}
@inproceedings{Graf1990,
author = {Graf, Susanne and Steffen, Bernhard},
booktitle = {Computer Aided Verification},
pages = {186--196},
publisher = {Springer-Verlag},
title = {{Compositional Minimization of Finite State Systems}},
url = {http://link.springer.com/chapter/10.1007/BFb0023732},
year = {1990}
}
@inproceedings{Krimm1997,
author = {Krimm, Jean-Pierre and Mounier, Laurent},
booktitle = {Tools and Algorithms for the Construction and Analysis of Systems},
doi = {10.1007/BFb0035392},
pages = {239--258},
publisher = {Springer Berlin Heidelberg},
title = {{Compositional State Space Generation From Lotos Programs}},
year = {1997}
}
@article{Baldan2015,
author = {Baldan, Paolo and Bonchi, Filippo and Gadducci, Fabio and Valentina, Giacoma},
doi = {10.1016/j.scico.2014.11.019},
issn = {0167-6423},
journal = {Science of Computer Programming},
publisher = {Elsevier B.V.},
title = {{Modular Encoding of Synchronous and Asynchronous Interactions Using Open Petri Nets}},
url = {http://dx.doi.org/10.1016/j.scico.2014.11.019},
volume = {In Press},
year = {2015}
}
@inproceedings{Yeh1991,
address = {Victoria, BC, Canada},
author = {Yeh, Wei Jen and Young, Michal},
booktitle = {International Symposium on Testing, Analysis and Verification},
isbn = {089791449X},
pages = {49--59},
publisher = {ACM New York},
title = {{Compositional Reachability Analysis using Process Algebra}},
url = {http://dl.acm.org/citation.cfm?id=120812},
year = {1991}
}
@article{Cheung1993,
author = {Cheung, S. C. and Kramer, J.},
journal = {ACM SIGSOFT Software Engineering Notes},
number = {5},
pages = {115--125},
title = {{Enhancing Compositional Reachability Analysis with Context Constraints}},
url = {http://dl.acm.org/citation.cfm?id=167071},
volume = {18},
year = {1993}
}
@inproceedings{Kindler1997,
address = {Toulouse, France},
author = {Kindler, Ekkart},
booktitle = {Application and Theory of Petri Nets},
doi = {10.1007/3-540-63139-9\_39},
editor = {Az\'{e}ma, Pierre and Balbo, Gianfranco},
isbn = {3-540-63139-9},
pages = {235--252},
publisher = {Springer Berlin Heidelberg},
title = {{A Compositional Partial Order Semantics for Petri Net Components}},
year = {1997}
}
@inproceedings{Valmari1993,
author = {Valmari, Antti},
booktitle = {Advances in Petri Nets 1993},
editor = {Rozenber, Grzegorz},
pages = {427--457},
publisher = {Springer Berlin Heidelberg},
title = {{Compositional State Space Generation}},
url = {http://link.springer.com/chapter/10.1007/3-540-56689-9\_54},
year = {1993}
}
@inproceedings{Valmari1996,
address = {Osaka, Japan},
author = {Valmari, Antti},
booktitle = {Application and Theory of Petri Nets},
editor = {Billington, Jonathan and Reisig, Wolfgang},
pages = {29--56},
publisher = {Springer Berlin Heidelberg},
title = {{Compositionality in State Space Verification Methods}},
year = {1996}
}
@inproceedings{Valmari1994,
address = {Zaragoza, Spain},
author = {Valmari, Antti},
booktitle = {Application and Theory of Petri Nets},
editor = {Valette, Robert},
pages = {531--547},
publisher = {Springer Berlin Heidelberg},
title = {{Compositional Analysis with Place-Bordered Subnets}},
url = {http://link.springer.com/chapter/10.1007/3-540-58152-9\_29},
year = {1994}
}
@article{Lee2000,
author = {Lee, W. J. and Cha, S. D. and Kwon, Y. R. and Kim, H. N.},
journal = {Journal of Research Practices and Information Technology},
number = {2},
pages = {131--143},
title = {{A Slicing-Based Approach to Enhance Petri net Reachability Analysis}},
url = {http://pdf.aminer.org/000/564/122/scalable\_compositional\_reachability\_analysis\_of\_real\_time\_concurrent\_systems.pdf},
volume = {32},
year = {2000}
}
@inproceedings{Rakow2008,
address = {Novy Smokovec, Slovakia},
author = {Rakow, Astrid},
booktitle = {SOFSEM 2008: Theory and Practice of Computer Science},
editor = {Geffert, Viliam and Karhum\"{a}ki, Juhani and Bertoni, Alberto and Preneel, Bart and {Pavol N\'{a}vrat} and Bielikov\'{a}, M\'{a}ria},
pages = {436--447},
publisher = {Springer Berlin Heidelberg},
title = {{Slicing Petri Nets with an Application to Workflow Verification}},
url = {http://link.springer.com/chapter/10.1007/978-3-540-77566-9\_38},
year = {2008}
}
@article{Llorens2008,
author = {Llorens, M. and Oliver, J. and Silva, J. and Tamarit, S. and Vidal, G.},
doi = {10.1016/j.entcs.2008.12.037},
issn = {15710661},
journal = {Electronic Notes in Theoretical Computer Science},
keywords = {petri nets,program slicing,reachability analysis},
month = dec,
pages = {153--165},
publisher = {Elsevier B.V.},
title = {{Dynamic Slicing Techniques for Petri Nets}},
url = {http://linkinghub.elsevier.com/retrieve/pii/S1571066108005008},
volume = {223},
year = {2008}
}
@inproceedings{Pastor1994,
author = {Pastor, Enric and Roig, Oriol and Cortadella, Jordi and Badia, Rm},
booktitle = {Application and Theory of Petri Nets},
doi = {10.1007/3-540-58152-9\_23},
isbn = {978-3-540-58152-9},
pages = {416--435},
publisher = {Springer Berlin Heidelberg},
title = {{Petri Net Analysis Using Boolean Manipulation}},
url = {http://link.springer.com/chapter/10.1007/3-540-58152-9\_23},
year = {1994}
}
@inproceedings{Miner1999,
author = {Miner, A. and Ciardo, Gianfranco},
booktitle = {Application and Theory of Petri Nets},
doi = {10.1007/3-540-48745-X\_2},
pages = {6--25},
publisher = {Springer Berlin Heidelberg},
title = {{Efficient Reachability Set Generation and Storage Using Decision Diagrams}},
url = {http://www.springerlink.com/index/M9F5N8017DX8XULE.pdf},
year = {1999}
}
@inproceedings{Roig1995,
author = {Roig, Oriol and Cortadella, Jordi and Pastor, Enric},
booktitle = {Application and Theory of Petri Nets},
isbn = {978-3-540-60029-9},
pages = {374--391},
publisher = {Springer Berlin Heidelberg},
title = {{Verification of Asynchronous Circuits By BDD-Based Model Checking}},
year = {1995}
}
@inproceedings{Ciardo1999,
author = {Ciardo, Gianfranco and Luettgen, Gerald and Siminiceanu, Radu},
booktitle = {Application and Theory of Petri Nets},
doi = {10.1007/3-540-44988-4\_8},
pages = {103--122},
publisher = {Springer Berlin Heidelberg},
title = {{Efficient Symbolic State-Space Construction for Asynchronous Systems}},
url = {http://hdl.handle.net/2060/20000011947},
year = {2000}
}
@article{Bryant1986,
author = {Bryant, Randal E.},
journal = {Computers, IEEE Transactions on},
number = {8},
pages = {677--691},
title = {{Graph-based Algorithms for Boolean Function Manipulation}},
url = {http://ieeexplore.ieee.org/xpls/abs\_all.jsp?arnumber=1676819},
volume = {C-35},
year = {1986}
}
@techreport{Andersen1997,
author = {Andersen, Henrik Reif},
booktitle = {Course Notes on the WWW},
institution = {Technical University of Denmark},
number = {October 1997},
pages = {1--37},
title = {{An Introduction to Binary Decision Diagrams}},
url = {http://www-sst.informatik.tu-cottbus.de/~db/doc/People/Anderson/An\_Introduction\_to\_Binary\_Decision\_Diagrams.bdd.gz.ps},
year = {1997}
}
@article{Drechsler2001,
author = {Drechsler, Rolf and Sieling, Detlef},
journal = {International Journal on Software Tools for Technology Transfer},
number = {2},
pages = {112--136},
title = {{Binary Decision Diagrams in Theory and Practice}},
url = {http://link.springer.com/article/10.1007/s100090100056},
volume = {3},
year = {2001}
}
@inproceedings{Fujii1993,
address = {Santa Clara, CA, USA},
author = {Fujii, Hiroshige and Ootomo, Goichi and Hori, Chikahiro},
booktitle = {International Conference on Computer Aided Design},
doi = {10.1109/ICCAD.1993.580028},
isbn = {0-8186-4490-7},
pages = {38--41},
publisher = {IEEE Comput. Soc. Press},
title = {{Interleaving Based Variable Ordering Methods for Ordered Binary Decision Diagrams}},
url = {http://ieeexplore.ieee.org/lpdocs/epic03/wrapper.htm?arnumber=580028},
year = {1993}
}
@inproceedings{Felt1993,
address = {Hamburg, Germany},
author = {Felt, Eric and York, Gary and Brayton, Robert and Sangiovanni-Vincentelli, Alberto},
booktitle = {Design Automation Conference},
isbn = {0818643501},
pages = {130--135},
publisher = {IEEE Comput. Soc},
title = {{Dynamic Variable Reordering for BDD Minimization}},
url = {http://ieeexplore.ieee.org/xpls/abs\_all.jsp?arnumber=410627},
year = {1993}
}
@article{Bollig1996,
author = {Bollig, Beate and Wegener, Ingo},
doi = {10.1109/12.537122},
issn = {00189340},
journal = {IEEE Transactions on Computers},
number = {9},
pages = {993--1002},
title = {{Improving the Variable Ordering of OBDDs Is NP-complete}},
url = {http://ieeexplore.ieee.org/lpdocs/epic03/wrapper.htm?arnumber=537122},
volume = {45},
year = {1996}
}
@inproceedings{Wang2005,
author = {Wang, Fuzhi and Kwiatkowska, Marta},
booktitle = {Automated Technology for Verification and Analysis},
editor = {Peled, Doron A. and Tsay, Yih-Kuen},
pages = {385--399},
publisher = {Springer Berlin Heidelberg},
title = {{An MTBDD-Based Implementation of Forward Reachability for Probabilistic Timed Automata}},
url = {http://link.springer.com/chapter/10.1007/11562948\_29},
year = {2005}
}
@article{Fujita1997,
author = {Fujita, M. and McGeer, P.C. and Yang, J.C.-Y.},
journal = {Formal Methods in System Design},
keywords = {binary decision diagrams,matrix algorithms,multi-terminal bdd,s,spectral,walsh transform},
pages = {149--169},
title = {{Multi-Terminal Binary Decision Diagrams: An Efficient Data Structure for Matrix Representation}},
url = {http://link.springer.com/article/10.1023/A:1008647823331},
volume = {169},
year = {1997}
}
@inproceedings{Friedman1987,
author = {Friedman, Steven J. and Supowit, Kenneth J.},
booktitle = {Proceedings of the 24th ACM/IEEE Design Automation Conference},
editor = {O'Neill, A. and Thomas, D.},
pages = {348--356},
publisher = {ACM New York},
title = {{Finding the Optimal Variable Ordering for Binary Decision Diagrams}},
year = {1987}
}
@book{Ebendt2005a,
author = {Ebendt, R\"{u}diger and Fey, G\"{o}rschwin and Drechsler, Rolf},
pages = {224},
publisher = {Springer},
title = {{Advanced BDD Optimization}},
year = {2005}
}
@article{Ebendt2005,
author = {Ebendt, R\"{u}diger and G\"{u}nther, Wolfgang and Drechsler, Rolf},
journal = {IEEE Transactions on Computer-Aided Design of Integrated Circuits and Systems},
number = {10},
pages = {1515--1529},
title = {{Combining Ordered Best-First Search With Branch and Bound for Exact BDD Minimization}},
url = {http://ieeexplore.ieee.org/xpls/abs\_all.jsp?arnumber=1512370},
volume = {24},
year = {2005}
}
@inproceedings{Drechsler1998,
address = {San Francisco, CA, USA},
author = {Drechsler, Rolf and Drechsler, Nicole and Gunther, Wolfgang},
booktitle = {Design and Automation Conference},
doi = {10.1109/DAC.1998.724466},
editor = {Irwin, M. J.},
isbn = {0-89791-964-5},
pages = {200--205},
publisher = {ACM New York},
title = {{Fast Exact Minimization of BDDs}},
url = {http://ieeexplore.ieee.org/lpdocs/epic03/wrapper.htm?arnumber=724466},
year = {1998}
}

@article{Bahar1993,
author = {Bahar, R. Iris and Frohm, Erica A. and Gaona, Charles M. and Hachtel, Gary D. and Macii, Enrico and Pardo, Aberlardo and Somenzi, Fabio},
doi = {10.1109/ICCAD.1993.580054},
isbn = {0-8186-4490-7},
journal = {Proceedings of 1993 International Conference on CoCmputer Aided Design (ICCAD)},
pages = {188--191},
publisher = {IEEE Comput. Soc. Press},
title = {{Algebraic Decision Diagrams and their Applications}},
url = {http://ieeexplore.ieee.org/lpdocs/epic03/wrapper.htm?arnumber=580054},
year = {1993}
}

@inproceedings{Clarke1993,
author = {Clarke, E. M. and McMillan, K. L. and Zhao, X. and Fujita, M. and Yang, J.},
booktitle = {Design Automation, 1993. 30th Conference on},
doi = {10.1109/DAC.1993.203919},
isbn = {0897915771},
pages = {54--60},
title = {{Spectral Transforms for Large Boolean Functions with Applications to Technology Mapping}},
url = {http://ieeexplore.ieee.org/xpls/abs\_all.jsp?arnumber=1600192},
year = {1993}
}
@inproceedings{Ciesinski2008,
address = {Los Angeles, CA, USA},
author = {Ciesinski, Frank and Baier, Christel and Gr\"{o}\ss er, Marcus and Parker, David},
booktitle = {Lecture Notes in Computer Science (including subseries Lecture Notes in Artificial Intelligence and Lecture Notes in Bioinformatics)},
doi = {10.1007/978-3-540-85114-1\_7},
editor = {Havelund, Klaus and Majumdar, Rupak and Palsberg, Jens},
isbn = {3540851135},
issn = {03029743},
pages = {60--76},
publisher = {Springer Berlin Heidelberg},
title = {{Generating compact MTBDD-representations from probmela specifications}},
url = {http://link.springer.com/chapter/10.1007/978-3-540-85114-1\_7},
volume = {5156 LNCS},
year = {2008}
}
@article{Mealy1955,
author = {Mealy, George H.},
doi = {10.1002/j.1538-7305.1955.tb03788.x},
issn = {1538-7305},
journal = {Bell System Technical Journal},
pages = {1045--1079},
title = {{A Method for Synthesizing Sequential Circuits}},
url = {http://onlinelibrary.wiley.com/doi/10.1002/j.1538-7305.1955.tb03788.x/abstract},
volume = {34},
year = {1955}
}
@misc{Dill1986,
author = {Browne, Michael C. and Clarke, Edmund M. and Dill, David L. and Mishra, Bud},
booktitle = {IEEE Transactions on Computers},
doi = {10.1109/TC.1986.1676711},
issn = {0018-9340},
pages = {1035--1044},
title = {{Automatic Verification of Sequential Circuits Using Temporal Logic}},
volume = {C-35},
year = {1986}
}
@inproceedings{Biere1999,
author = {Biere, Armin and Cimatti, Alessandro and Clarke, Edmund and Zhu, Yunshan},
booktitle = {Tools and Algorithms for Construction and Analysis of Systems},
doi = {10.1007/3-540-49059-0\_14},
number = {97},
pages = {193--207},
publisher = {Springer Berlin Heidelberg},
title = {{Symbolic Model Checking without BDDs}},
url = {http://www.springerlink.com/index/VF286K9MQ0JP05DH.pdf},
year = {1999}
}
@inproceedings{Pastor1998,
author = {Pastor, Enric and Cortadella, Jordi},
booktitle = {Design, Automation and Test in Europe},
doi = {10.1109/DATE.1998.655948},
isbn = {0-8186-8359-7},
issn = {15301591},
pages = {790--795},
title = {{Efficient Encoding Schemes for Symbolic Analysis of Petri nets}},
year = {1998}
}
@inproceedings{Pastor1999,
author = {Pastor, Enric and Cortadella, Jordi and Pe\~{n}a, Marco A.},
booktitle = {International Conference on Application and Theory of Petri Nets},
pages = {26--45},
title = {{Structural Methods Applied to the Symbolic Analysis of Petri Nets}},
year = {1999}
}
@inproceedings{Semenov1995,
author = {Semenov, A. and Yakovlev, A.},
booktitle = {Design Automation Conference},
doi = {10.1109/ASPDAC.1995.486371},
isbn = {4-930813-67-0},
pages = {567--573},
title = {{Combining Partial Orders and Symbolic Traversal for Efficient Verification of Asynchronous Circuits}},
year = {1995}
}
@article{Heiner1999,
author = {Heiner, M. and Deussen, P. and Spranger, J.},
doi = {10.1.1.71.8414},
journal = {International Journal of Advanced Manufacturing Technology},
number = {2},
pages = {139--152},
title = {{A Case Study in Design and Verification of Manufacturing System Control Software with Hierarchical Petri Nets}},
url = {http://citeseerx.ist.psu.edu/viewdoc/summary?doi=10.1.1.71.8414},
volume = {15},
year = {1999}
}
@inproceedings{Srinivasan1990,
author = {Srinivasan, Arvind and Ham, Timothy and Malik, Sharad and Brayton, Robert K.},
booktitle = {IEEE International Conference on Computer-Aided Design},
doi = {10.1109/ICCAD.1990.129849},
isbn = {0-8186-2055-2},
pages = {92--95},
publisher = {IEEE},
title = {{Algorithms for Discrete Function Manipulation}},
year = {1990}
}
@inproceedings{Schmidt2000c,
author = {Schmidt, Karsten},
booktitle = {Tools and Algorithms for the Construction and Analysis of Systems},
doi = {10.1007/3-540-46419-0\_22},
isbn = {978-3-540-67282-1},
issn = {03029743},
pages = {315--330},
title = {{Integrating Low Level Symmetries into Reachability Analysis}},
url = {http://www.springerlink.com/index/D8DCKGMUF9P3BQ3C.pdf},
volume = {1785},
year = {2000}
}
@article{Wolf2014,
author = {Wolf, Karsten},
doi = {10.1007/s10270-014-0422-4},
journal = {Software \& Systems Modelling},
title = {{The Petri net Twist in Explicit Model Checking}},
year = {2014}
}
@inproceedings{Wolper1993,
author = {Wolper, Pierre and Godefroid, Patrice},
booktitle = {CONCUR},
isbn = {3-540-57208-2},
pages = {233--246},
publisher = {Springer-Verlag},
title = {{Partial-Order Methods for Temporal Verification}},
volume = {715},
year = {1993}
}
@article{Godefroid1993,
author = {Godefroid, Patrice and Pirottin, Didier},
doi = {10.1007/3-540-56922-7\_36},
isbn = {978-3-540-56922-0},
journal = {Computer Aided Verification},
number = {6021},
pages = {438--449},
title = {{Refining Dependencies Improves Partial-order Verification Methods}},
url = {http://dx.doi.org/10.1007/3-540-56922-7\_36},
volume = {697},
year = {1993}
}
@inproceedings{Valmari1991,
author = {Valmari, Antti},
booktitle = {Application and Theory of Petri Nets},
doi = {10.1007/3-540-53863-1\_36},
isbn = {3-540-53863-1},
pages = {491--515},
title = {{Stubborn Sets for Reduced State Space Generation}},
volume = {483},
year = {1990}
}
@article{Buchholz2002,
author = {Buchholz, Peter and Kemper, Peter},
doi = {10.1023/A:1020321222420},
issn = {09259856},
journal = {Formal Methods in System Design},
pages = {281--315},
title = {{Hierarchical Reachability Graph Generation for Petri Nets}},
volume = {21},
year = {2002}
}
@article{Notomi1994,
author = {Notomi, Masato and Murata, Tadao},
doi = {10.1109/32.286423},
issn = {00985589},
journal = {IEEE Transactions on Software Engineering},
number = {5},
pages = {325--336},
title = {{Hierarchical Reachability Graph of Bounded Petri Nets for Concurrent-Software Analysis}},
volume = {20},
year = {1994}
}
@article{Christensen2000,
author = {Christensen, S\oren and Petrucci, Laure},
doi = {10.1093/comjnl/43.3.224},
issn = {0010-4620},
journal = {The Computer Journal},
number = {3},
pages = {224--242},
title = {{Modular Analysis of Petri Nets}},
url = {http://comjnl.oxfordjournals.org/content/43/3/224.abstract},
volume = {43},
year = {2000}
}
@article{Clarke1999,
author = {Clarke, Edmund M. and Grumberg, O and Minea, M and Peled, D},
journal = {International Journal on Software Tools for Technology Transfer},
keywords = {partial order,state space reduction},
number = {3},
pages = {279--287},
title = {{State Space Reduction using Partial Order Techniques}},
url = {http://link.springer.com/article/10.1007/s100090050035},
volume = {2},
year = {1999}
}
@inproceedings{Neumair2004,
author = {Neumair, Christian and Desel, J\"{o}rg and Junh\'{a}s, Gabriel},
booktitle = {Application and Theory of Petri Nets},
pages = {157--176},
publisher = {Springer Berlin Heidelberg},
title = {{Finite Unfoldings of Unbounded Petri Nets}},
year = {2004}
}
@inproceedings{Ganty2007,
author = {Ganty, Pierre and Raskin, J-F and {Van Begin}, Laurent},
booktitle = {Application and Theory of Petri Nets},
isbn = {9783540730934},
issn = {01692968},
pages = {124--143},
title = {{From Many Places to Few: Automatic Abstraction Refinement for}},
year = {2007}
}
@article{Valmari1998,
author = {Valmari, Antti},
journal = {LNCS - Lectures on Petri Nets I: Basic Models},
pages = {429--528},
title = {{The State Explosion Problem}},
url = {http://www.cs.vsb.cz/kot/download/Texts/StateSpace.pdf},
volume = {1491},
year = {1998}
}
@inproceedings{Clarke1995a,
author = {Clarke, Edmund M. and Grumberg, Orna and Jha, Somesh},
booktitle = {CONCUR},
pages = {295--407},
publisher = {Springer Berlin Heidelberg},
title = {{Verifying Parameterized Networks using Abstraction and Regular Languages}},
url = {http://www.springerlink.com/index/7h87227104433746.pdf},
year = {1995}
}
@inproceedings{Peled1993,
author = {Peled, Doron},
booktitle = {Computer Aided Verification},
doi = {10.1007/3-540-56922-7\_34},
isbn = {3-540-56922-7},
pages = {409--423},
publisher = {Springer Berlin Heidelberg},
title = {{All from One, One for All: on Model Checking using Representatives}},
url = {http://link.springer.com/chapter/10.1007/3-540-56922-7\_34},
year = {1993}
}
@inproceedings{Godefroid1996,
author = {Godefroid, Patrice},
booktitle = {DIMACS workshop on Partial Order Methods in Verification},
pages = {289--303},
title = {{On the Costs and Benefits of Using Partial-Order Methods for the Verificiation of Concurrent Systems}},
year = {1996}
}
@book{Godefroid1996a,
author = {Godefroid, Patrice},
isbn = {3540607617},
issn = {0302-9743},
pages = {142},
publisher = {Springer Berlin Heidelberg},
title = {{Partial-Order Methods for the Verification of Concurrent Systems: An Approach to the State-Explosion Problem}},
url = {http://portal.acm.org/citation.cfm?id=547238},
year = {1996}
}
@inproceedings{Godefroid1990,
author = {Godefroid, Patrice},
booktitle = {Computer Aided Verification},
keywords = {formal\_methods},
pages = {176--185},
publisher = {Springer Berlin Heidelberg},
title = {{Using Partial Orders to Improve Automatic Verification Methods}},
url = {http://portal.acm.org/citation.cfm?id=735044},
year = {1990}
}
@inproceedings{Schmidt1999,
author = {Schmidt, Karsten},
booktitle = {Application and Theory of Petri Nets},
pages = {46--65},
publisher = {Springer Berlin Heidelberg},
title = {{Stubborn Sets for Standard properties}},
url = {http://www.springerlink.com/index/mtj3p6183xchedr9.pdf},
year = {1999}
}
@techreport{Rauhamaa1990,
author = {Rauhamaa, Marko},
institution = {Helsinki University of Technology},
number = {14},
title = {{A Comparative Study of Methods for Efficient Reachability Analysis}},
year = {1990}
}
@inproceedings{Alur1997,
author = {Alur, R and Brayton, R and Henzinger, T and Qadeer, S and Rajamani, S},
booktitle = {Computer Aided Verification},
doi = {10.1007/3-540-63166-6\_34},
isbn = {3-540-63166-6},
pages = {340--351},
publisher = {Springer Berlin Heidelberg},
title = {{Partial-order Reduction in Symbolic State Space Exploration}},
year = {1997}
}
@inproceedings{Valmari2011,
author = {Valmari, Antti and Hansen, Henri},
booktitle = {Application and Theory of Petri Nets},
doi = {10.3233/FI-2011-613},
isbn = {3642136745},
issn = {01692968},
pages = {43--62},
title = {{Can Stubborn Sets be Optimal?}},
year = {2010}
}
@inproceedings{Strehl1999,
author = {Strehl, Karsten and Thiele, Lothar},
booktitle = {Design, Automation and Test in Europe},
doi = {10.1109/DATE.1999.761216},
isbn = {0-7695-0078-1},
issn = {15301591},
pages = {756--757},
publisher = {IEEE},
title = {{Interval Diagram Techniques for Symbolic Model Checking of Petri nets}},
year = {1999}
}
@phdthesis{Tovchigrechko2008,
author = {Tovchigrechko, A},
school = {BTU Cottbus},
title = {{Model Checking using Interval Decision Diagrams}},
type = {PhD},
year = {2008}
}
@inproceedings{Hansen2011,
author = {Hansen, Henri and Wang, Xu},
booktitle = {Application of Concurrency to System Design},
doi = {10.1109/ACSD.2011.25},
isbn = {9780769543871},
issn = {15504808},
pages = {36--43},
publisher = {IEEE},
title = {{Compositional Analysis for Weak Stubborn Sets}},
year = {2011}
}
@inproceedings{Vernadat1996,
author = {Vernadat, Fran\c{c}ois and Az\'{e}ma, Pierre and Michel, Fran\c{c}ois},
booktitle = {Application and Theory of Petri Nets},
doi = {10.1007/3-540-61363-3\_28},
pages = {516--535},
publisher = {Springer Berlin Heidelberg},
title = {{Covering Step Graph}},
year = {1996}
}
@inproceedings{Ribet2002,
author = {Ribet, Pierre-Olivier and Berthomieu, Bernard and Vernadat, Fran\c{c}ois},
booktitle = {Formal Techniques for Networked and Distributed Systems},
pages = {344--359},
title = {{On Combining the Persistent Sets Method with the Covering Steps Graph Method}},
year = {2002}
}
@inproceedings{Khomenko2005,
author = {Khomenko, Victor and Kondratyev, Alex and Koutny, Maciej and Vogler, Walter},
booktitle = {CONCUR},
editor = {Abadi, Martin and de Alfaro, Luca},
keywords = {formal verification,merged processes,model checking,petri net unfolding,petri net unravelling,state space explosion},
pages = {338--352},
publisher = {Springer Berlin Heidelberg},
title = {{Merged Processes --- A New Condensed Representation of Petri Net Behaviour}},
year = {2005}
}
@article{Khomenko2006,
author = {Khomenko, Victor and Kondratyev, Alex and Koutny, Maciej and Vogler, Walter},
doi = {10.1007/s00236-006-0023-y},
issn = {0001-5903},
journal = {Acta Informatica},
month = oct,
number = {5},
pages = {307--330},
title = {{Merged Processes: a New Condensed Representation of Petri net Behaviour}},
url = {http://link.springer.com/10.1007/s00236-006-0023-y},
volume = {43},
year = {2006}
}
@inproceedings{Khomenko2011,
author = {Khomenko, Victor and Mokhov, Andrey},
booktitle = {32nd International Conference, PETRI NETS},
editor = {Petrucci, Laure and Kristensen, Lars M.},
keywords = {2qbf,checking,merged process,model,petri net unfolding,sat,unravelling},
pages = {89--108},
publisher = {Springer Berlin Heidelberg},
title = {{An Algorithm for Direct Construction of Complete Merged Processes}},
url = {http://link.springer.com/chapter/10.1007/978-3-642-21834-7\_6},
year = {2011}
}
@article{Nielsen1981,
author = {Nielsen, Mogens and Plotkin, Gordon and Winskel, Glynn},
doi = {10.1016/0304-3975(81)90112-2},
issn = {03043975},
journal = {Theoretical Computer Science},
month = jan,
number = {1},
pages = {85--108},
title = {{Petri Nets, Event Structures and Domains, Part I}},
url = {http://linkinghub.elsevier.com/retrieve/pii/0304397581901122},
volume = {13},
year = {1981}
}
@article{Engelfriet1991,
author = {Engelfriet, Joost},
journal = {Acta Informatica},
number = {6},
pages = {575--591},
title = {{Branching Processes of Petri nets}},
url = {http://link.springer.com/article/10.1007/BF01463946},
volume = {28},
year = {1991}
}
@inproceedings{McMillan1992,
author = {McMillan, K. L.},
booktitle = {Computer Aided Verification},
editor = {von Bochmann, Gregor and Probst, David Karl},
pages = {164--177},
publisher = {Springer Berlin Heidelberg},
title = {{Using Unfoldings to Avoid the State Explosion Problem in the Verification of Asynchronous Circuits}},
url = {http://link.springer.com/content/pdf/10.1007/3-540-56496-9\_14.pdf},
year = {1992}
}
@inproceedings{Heljanko1999,
address = {Warsaw, Poland},
author = {Heljanko, Keijo},
booktitle = {Workshop on Concurrency, Specification \& Programming},
editor = {Starke, P. and Nguyen, H.-S. and Czaja, L. and Burkhard, H.-D.},
pages = {83--95},
publisher = {Warsaw University},
title = {{Minimizing Finite Complete Prefixes}},
url = {http://citeseerx.ist.psu.edu/viewdoc/summary?doi=10.1.1.47.3131},
year = {1999}
}
@inproceedings{Khomenko2001,
author = {Khomenko, Victor and Koutny, Maciej},
booktitle = {CONCUR 2001 - Concurrency Theory},
editor = {Larsen, Kim G. and Nielsen, Mogens},
keywords = {concurrency,model checking,petri nets,unfolding},
pages = {366--380},
publisher = {Springer Berlin Heidelberg},
title = {{Towards an Efficient Algorithm for Unfolding Petri Nets}},
url = {http://link.springer.com/chapter/10.1007/3-540-44685-0\_25},
year = {2001}
}
@inproceedings{Heljanko2002,
address = {Grenoble, France},
author = {Heljanko, Keijo and Khomenko, Victor and Koutny, Maciej},
booktitle = {Tools and Algorithms for the Construction and Analysis of Systems},
doi = {10.1007/3-540-46002-0\_26},
editor = {Katoen, Joost-Pieter and Stevens, Perdita},
pages = {371--385},
publisher = {Springer Berlin Heidelberg},
title = {{Parallelisation of The Petri net Unfolding Algorithm}},
url = {http://link.springer.com/chapter/10.1007/3-540-46002-0\_26},
year = {2002}
}
@article{Khomenko2003a,
author = {Khomenko, Victor and Koutny, Maciej and Vogler, Walter},
doi = {10.1007/s00236-003-0122-y},
issn = {0001-5903},
journal = {Acta Informatica},
month = oct,
number = {2},
pages = {95--118},
title = {{Canonical Prefixes of Petri net Unfoldings}},
url = {http://link.springer.com/10.1007/s00236-003-0122-y},
volume = {40},
year = {2003}
}
@article{Esparza2001,
author = {Esparza, Javier and Schr\"{o}ter, Claus},
journal = {Fundamenta Informaticae},
number = {3-4},
pages = {231--245},
title = {{Unfolding Based Algorithms for the Reachability Problem}},
url = {http://iospress.metapress.com/index/wc92whqm04tx5q0u.pdf},
volume = {47},
year = {2001}
}
@article{Heljanko1999a,
author = {Heljanko, Keijo},
journal = {Fundamenta Informaticae},
pages = {247--268},
title = {{Using Logic Programs with Stable Model Semantics to Solve Deadlock and Reachability Problems for 1-Safe Petri Nets}},
url = {http://iospress.metapress.com/index/652W44V7H34816N0.pdf},
volume = {37},
year = {1999}
}
@book{Esparza2008,
author = {Esparza, Javier and Heljanko, Keijo},
title = {{Unfoldings: A Partial-Order Approach to Model Checking}},
year = {2008}
}
@article{Esparza2010,
author = {Esparza, Javier},
journal = {Model Checking Software},
title = {{A False History of True Concurrency: from Petri to Tools}},
url = {http://link.springer.com/chapter/10.1007/978-3-642-16164-3\_13},
year = {2010}
}
@inproceedings{Schnoebelen2000,
author = {Schnoebelen, Philippe and Sidorova, Natalia},
booktitle = {Application and Theory of Petri Nets},
doi = {10.1007/3-540-44988-4},
isbn = {978-3-540-67693-5},
pages = {409--423},
title = {{Bisimulation and the Reduction of Petri Nets}},
url = {http://www.springerlink.com/content/y1m5wx4btvxnv20d/},
volume = {1825},
year = {2000}
}
@inproceedings{Autant1991,
author = {Autant, C and Belmesk, Z and Schnoebelen, Philippe},
booktitle = {Parallel Architectures and Languages Europe},
doi = {10.1007/978-3-662-25209-3\_44},
pages = {717--734},
publisher = {Springer Berlin Heidelberg},
title = {{Strong Bisimilarity on Nets Revisited}},
year = {1991}
}
@inproceedings{Olderog1989,
author = {Olderog, Ernst-R\"{u}diger},
booktitle = {Linear Time, Branching Time and Partial Order in Logics and Models for Concurrency},
pages = {549--573},
publisher = {Springer Berlin Heidelberg},
title = {{Strong Bisimilarity on Nets: A New Concept for Comparing Net Semantics}},
year = {1989}
}
@inproceedings{Rakow2009,
address = {D\"{u}sseldorf, Germany},
author = {Rakow, Astrid},
booktitle = {Integrated Formal Methods},
editor = {Leuschel, Michael and Wehrheim, Heike},
pages = {352--366},
publisher = {Springer Berlin Heidelberg},
title = {{Decompositional Petri Net Reductions}},
year = {2009}
}
@inproceedings{Autant1994,
author = {Autant, C and Pfister, W. and Schnoebelen, Philippe},
booktitle = {International Conference on Computing and Information},
pages = {230--246},
title = {{Place Bisimulations for the Reduction of Labeled Petri nets with Silent Moves}},
year = {1994}
}
@inproceedings{Esparza2001a,
author = {Esparza, Javier and Schr\"{o}ter, Claus},
booktitle = {Correct Hardware Design and Verification Methods},
doi = {10.1007/3-540-44798-9\_25},
pages = {310--324},
publisher = {Springer Berlin Heidelberg},
title = {{Net Reductions for LTL Model-checking}},
url = {http://www.springerlink.com/index/26vhetvhhg2drtkh.pdf},
year = {2001}
}
@article{Lack2004,
author = {Lack, Stephen},
issn = {1201561X},
journal = {Theory and Applications of Categories},
number = {9},
pages = {147--163},
title = {{Composing PROPs}},
volume = {13},
year = {2004}
}
@article{Selinger2009,
author = {Selinger, Peter},
journal = {New Structures for Physics},
month = aug,
pages = {1--63},
title = {{A survey of graphical languages for monoidal categories}},
url = {http://arxiv.org/abs/0908.3347},
year = {2009}
}
@book{MacLane1998,
  title={Categories for the Working Mathematician},
  series={Graduate Texts in Mathematics},
  author={Mac Lane, S.},
  edition={2},
  year={1998},
  publisher={Springer Verlag}
}
@article{Haddad2006,
author = {Haddad, Serge and Pradat-Peyre, Jean-Fran\c{c}ois},
doi = {10.1142/S0129626406002502},
issn = {0129-6264},
journal = {Parallel Processing Letters},
number = {1},
pages = {101--116},
title = {{New Efficient Petri Nets Reductions for Parallel Programs Verification}},
volume = {16},
year = {2006}
}
@inproceedings{Berthelot1986,
author = {Berthelot, G\'{e}rard},
booktitle = {Advances in Petri Nets},
doi = {10.1007/BFb0016204},
isbn = {978-3-540-16480-7},
pages = {19--40},
publisher = {Springer Berlin Heidelberg},
title = {{Checking Properties of Nets using Transformations}},
year = {1985}
}
@article{Silva1998,
author = {Silva, Manuel and Terue, Enrique and Colom, Jos\'{e} Manuel},
doi = {10.1007/3-540-65306-6\_19},
journal = {Lectures on Petri Nets I: Basic Models},
pages = {309--373},
title = {{Linear Algebraic and Linear Programming Techniques for the Analysis of Place/Transition net Systems}},
url = {papers2://publication/uuid/48B69E34-629D-4ACC-864D-FF15690206B0},
volume = {1491},
year = {1998}
}
@article{Moore1956,
author = {Moore, Edward F},
isbn = {978-0-691-07916-5},
journal = {Automata studies},
pages = {129--153},
title = {{Gedanken-experiments on Sequential Machines}},
volume = {34},
year = {1956}
}
@inproceedings{Hopcroft1971,
author = {Hopcroft, John E.},
booktitle = {International Symposium on The Theory of Machines and Computations},
pages = {189--196},
publisher = {AP},
title = {{An N Log N Algorithm for Minimizing States in a Finite Automaton}},
year = {1971}
}
@inproceedings{Brzozowski1962,
author = {Brzozowski, Janusz a},
booktitle = {Mathematical Theory of Automata},
pages = {529----561},
title = {{Canonical Regular Expressions and Minimal State Graphs for Definite Events}},
url = {http://www.diku.dk/hjemmesider/ansatte/henglein/papers/brzozowski1962.pdf},
year = {1962}
}
@inproceedings{Sobocinski2013,
author = {Soboci{\'n}ski, Pawe{\l} and Stephens, Owen},
booktitle = {Algebra and Coalgebra in Computer Science},
doi = {10.1007/978-3-642-40206-7\_29},
pages = {346--352},
title = {{Penrose: Putting Compositionality to Work for Petri Net Reachability}},
url = {http://link.springer.com/chapter/10.1007/978-3-642-40206-7\_29},
year = {2013}
}
@inproceedings{Bonchi2013,
address = {Rome, Italy},
author = {Bonchi, Filippo and Pous, Damien},
booktitle = {Symposium on Principles of Programming Languages},
pages = {457--468},
publisher = {ACM},
title = {{Checking NFA Equivalence with Bisimulations up to Congruence}},
year = {2013}
}
@article{Bjorklund2011,
author = {Bj\"{o}rklund, Henrik and Martens, Wim},
doi = {10.1016/j.jcss.2011.03.001},
issn = {00220000},
journal = {Journal of Computer and System Sciences},
month = jan,
number = {1},
pages = {198--210},
publisher = {Elsevier Inc.},
title = {{The Tractability Frontier for NFA Minimization}},
url = {http://linkinghub.elsevier.com/retrieve/pii/S0022000011000456},
volume = {78},
year = {2011}
}
@article{Gramlich2007,
author = {Gramlich, Gregor and Schnitger, Georg},
doi = {10.1016/j.jcss.2006.11.002},
issn = {00220000},
journal = {Journal of Computer and System Sciences},
month = sep,
number = {6},
pages = {908--923},
title = {{Minimizing NFAs and Regular Expressions}},
url = {http://linkinghub.elsevier.com/retrieve/pii/S0022000006001735},
volume = {73},
year = {2007}
}
@inproceedings{Mayr2013,
address = {Rome, Italy},
author = {Mayr, Richard and Clemente, Lorenzo},
booktitle = {Symposium on Principles of Programming Languages},
doi = {10.1145/2429069.2429079},
isbn = {9781450318327},
pages = {63--74},
publisher = {ACM},
title = {{Advanced Automata Minimization}},
url = {http://dl.acm.org/citation.cfm?doid=2429069.2429079},
year = {2013}
}
@article{Arnold1992,
author = {Arnold, Andr\'{e} and Dicky, Anne and Nivat, Maurice},
journal = {Bulletin of the EATCS},
pages = {166--169},
title = {{A Note about Minimal Non-Deterministic Automata}},
volume = {47},
year = {1992}
}
@techreport{Koutny2000,
author = {Koutny, Maciej and Khomenko, Victor},
institution = {Newcastle University},
title = {{Linear Programming Deadlock Checking Using Partial Order Dependencies}},
url = {http://www.ncl.ac.uk/computing/research/publication/160655},
year = {2000}
}
@inproceedings{Schmidt2000b,
address = {Berlin, Heidelberg},
author = {Schmidt, Karsten},
booktitle = {Application and Theory of Petri Nets 2000},
doi = {10.1007/3-540-44988-4},
editor = {Nielsen, Mogens and Simpson, Dan},
isbn = {978-3-540-67693-5},
month = jun,
pages = {465--474},
publisher = {Springer Berlin Heidelberg},
series = {Lecture Notes in Computer Science},
title = {{LoLA: A Low Level Analyser}},
volume = {1825},
year = {2000}
}
@inproceedings{Rodriguez2013a,
author = {Rodr\'{\i}guez, C\'{e}sar and Schwoon, Stefan},
booktitle = {Automated Technology for Verification and Analysis},
pages = {492--495},
title = {{Cunf: A Tool for Unfolding and Verifying Petri Nets with Read Arcs}},
url = {http://link.springer.com/chapter/10.1007/978-3-319-02444-8\_42},
year = {2013}
}
@inproceedings{Heiner2013,
author = {Heiner, Monika and Rohr, Christian and Schwarick, Martin},
booktitle = {Application and Theory of Petri Nets},
doi = {10.1007/978-3-642-38697-8\_21},
isbn = {9783642386961},
issn = {03029743},
pages = {389--399},
title = {{MARCIE - Model checking and reachability analysis done efficiently}},
year = {2013}
}
@article{Starke1991,
 author = {Starke, P. H.},
 title = {Reachability Analysis of Petri Nets Using Symmetries},
 journal = {Systems Analysis Modeling Simul},
 issue_date = {1991},
 volume = {8},
 number = {4-5},
 month = aug,
 year = {1991},
 issn = {0232-9298},
 pages = {293--303},
 numpages = {11},
 url = {http://dl.acm.org/citation.cfm?id=115220.115224},
 acmid = {115224},
 publisher = {Gordon and Breach Science Publishers, Inc.},
 address = {Newark, NJ, USA},
} 
@inproceedings{Ogata2004,
archivePrefix = {arXiv},
arxivId = {arXiv:1305.3204v1},
author = {Ogata, Shougo and Tsuchiya, Tatsuhiro and Kikuno, Thoru},
booktitle = {Automated Technology for Verification and Analysis},
doi = {10.1007/11901914},
eprint = {arXiv:1305.3204v1},
file = {:home/owen/Mendeley Desktop/Ogata, Tsuchiya, Kikuno - 2004 - SAT-Based Verification of Safe Petri Nets.pdf:pdf},
isbn = {978-3-540-47237-7},
issn = {0302-9743},
pages = {79--92},
publisher = {Springer-Verlag Berlin Heidelberg},
title = {{SAT-Based Verification of Safe Petri Nets}},
year = {2004}
}
@inproceedings{Heljanko2001,
author = {Heljanko, Keijo},
booktitle = {International Conference on Concurrency Theory},
file = {:home/owen/Mendeley Desktop/Heljanko - 2001 - Bounded Reachability Checking with Process Semantics.pdf:pdf},
pages = {218--232},
publisher = {Springer-Verlag Berlin Heidelberg},
title = {{Bounded Reachability Checking with Process Semantics}},
year = {2001}
}
@article{Rathke2013,
archivePrefix = {arXiv},
arxivId = {arXiv:1304.3121v1},
author = {Rathke, Julian and Soboci{\'n}ski, Pawe{\l} and Stephens, Owen},
eprint = {arXiv:1304.3121v1},
journal = {arXiv:1304.3121},
title = {{Decomposing Petri nets}},
url = {http://arxiv.org/abs/1304.3121},
year = {2013}
}
@book{Pierce2002,
author = {Pierce, Benjamin},
edition = {1st},
pages = {645},
publisher = {The MIT Press},
title = {{Types and Programming Languages}},
year = {2002}
}
@inproceedings{Khomenko2000,
author = {Khomenko, Victor and Koutny, Maciej},
booktitle = {CONCUR},
doi = {10.1007/3-540-44618-4},
file = {:home/owen/Mendeley Desktop/Khomenko, Koutny - 2000 - LP Deadlock Checking Using Partial Order Dependencies.pdf:pdf},
isbn = {978-3-540-67897-7},
issn = {03029743},
pages = {410--425},
publisher = {Springer-Verlag Berlin Heidelberg},
title = {{LP Deadlock Checking Using Partial Order Dependencies}},
url = {http://citeseerx.ist.psu.edu/viewdoc/download?doi=10.1.1.25.8272\&amp;rep=rep1\&amp;type=pdf http://link.springer.com/chapter/10.1007/3-540-44618-4\_4},
year = {2000}
}
@incollection{Desel1998b,
author = {Desel, J\"{o}rg},
booktitle = {Lectures on Petri Nets I: Basic Models},
file = {:home/owen/Mendeley Desktop/Desel - 1998 - Basic Linear Algebraic Techniques for PlaceTransition Nets.pdf:pdf},
pages = {257--308},
publisher = {Springer Berlin Heidelberg},
title = {{Basic Linear Algebraic Techniques for Place/Transition Nets}},
year = {1998}
}
@article{Khomenko2007,
author = {Khomenko, Victor and Koutny, Maciej},
doi = {10.1007/s10703-006-0022-1},
file = {:home/owen/Mendeley Desktop/Khomenko, Koutny - 2007 - Verification of bounded Petri nets using Integer Programming.pdf:pdf},
issn = {09259856},
journal = {Formal Methods in System Design},
number = {2},
pages = {143--176},
publisher = {Kluwer Academic Publishers-Plenum Publishers},
title = {{Verification of bounded Petri nets using Integer Programming}},
volume = {30},
year = {2007}
}
@article{Koutny1999,
author = {Koutny, Maciej and Best, Eike},
doi = {10.1016/S0304-3975(97)00180-1},
file = {:home/owen/Mendeley Desktop/Koutny, Best - 1999 - Operational and Denotational Semantics for the Box Algebra.pdf:pdf},
issn = {03043975},
journal = {Theoretical Computer Science},
number = {1-2},
pages = {1--83},
publisher = {Elsevier Science Publishers Ltd},
title = {{Operational and Denotational Semantics for the Box Algebra}},
volume = {211},
year = {1999}
}
@inproceedings{Melzer1997,
author = {Melzer, Stephan and R\"{o}mer, Stefan},
booktitle = {Computer Aided Verification},
doi = {10.1007/3-540-63166-6},
file = {:home/owen/Mendeley Desktop/Melzer, R\"{o}mer - 1997 - Deadlock Checking Using Net Unfoldings.pdf:pdf},
isbn = {978-3-540-63166-8},
pages = {352 -- 363},
publisher = {Springer Berlin Heidelberg},
title = {{Deadlock Checking Using Net Unfoldings}},
url = {http://citeseerx.ist.psu.edu/viewdoc/summary?doi=10.1.1.52.3517},
volume = {1254},
year = {1997}
}
@misc{Devill1987,
author = {Best, Eike and Devillers, Raymond},
booktitle = {Theoretical Computer Science},
doi = {10.1016/0304-3975(87)90090-9},
file = {:home/owen/Mendeley Desktop/Best, Devillers - 1987 - Sequential and Concurrent Behaviour in Petri net Theory.pdf:pdf},
issn = {03043975},
number = {1985},
pages = {87--136},
publisher = {Elsevier B.V.},
title = {{Sequential and Concurrent Behaviour in Petri net Theory}},
volume = {55},
year = {1987}
}
@article{Esparza2000,
author = {Esparza, Javier and Melzer, Stephan},
doi = {10.1023/A:1008743212620},
file = {:home/owen/Mendeley Desktop/Esparza, Melzer - 2000 - Verification of Safety Properties Using Integer Programming Beyond the State Equation.pdf:pdf},
issn = {09259856},
journal = {Formal Methods in System Design},
number = {2},
pages = {159--189},
publisher = {Kluwer Academic Publishers},
title = {{Verification of Safety Properties Using Integer Programming: Beyond the State Equation}},
volume = {16},
year = {2000}
}

@techreport{Lipton1976,
    author = {Lipton, Richard J},
    institution = {Department of Computer Science, Yale University},
    title = {{The Reachability Problem Requires Exponential Space}},
    type = {{Technical Report 63}},
    year = {1976}
}
@inproceedings{Mayr1981,
    address = {New York, New York, USA},
    author = {Mayr, Ernst W.},
    booktitle = {Symposium on Theory of Computing},
    doi = {10.1145/800076.802477},
    isbn = {0897910419},
    pages = {238--246},
    publisher = {ACM Press},
    title = {{An Algorithm for the General Petri Net Reachability Problem}},
    url = {http://portal.acm.org/citation.cfm?doid=800076.802477},
    year = {1981}
}
@article{Lambert1992,
    author = {Lambert, J.L.},
    doi = {10.1016/0304-3975(92)90173-D},
    file =
    {:Users/owenstephens/Downloads/1-s2.0-030439759290173D-main.pdf:pdf},
    issn = {03043975},
    journal = {Theoretical Computer Science},
    pages = {79--104},
    title = {{A Structure to Decide Reachability in Petri Nets}},
    volume = {99},
    year = {1992}
}
@article{Esparza1994,
    author = {Esparza, Javier and Nielsen, Mogens},
    doi = {10.1.1.16.5995},
    file = {:Users/owenstephens/Downloads/brics\_98\_8.pdf:pdf},
    journal = {Bulletin of the EATCS},
    number = {May},
    pages = {244--262},
    title = {{Decidability Issues for Petri nets}},
    url =
    {http://home.ifi.uio.no/andersmo/petrinet/papers/complexity/brics\_98\_8.pdf},
    volume = {52},
    year = {1994}
}
@inproceedings{Kosaraju1982,
    author = {Kosaraju, S. Rao},
    booktitle = {Symposium on Theory of Computing},
    doi = {http://doi.acm.org/10.1145/800070.802201},
    file = {:Users/owenstephens/Downloads/10.1.1.215.4618.pdf:pdf},
    isbn = {0-89791-070-2},
    pages = {267--281},
    publisher = {ACM},
    title = {{Decidability of Reachability in Vector Addition Systems}},
    year = {1982}
}
@article{Milner1978,
    author = {Milner, Robin},
    file = {:Users/owenstephens/Library/Application Support/Mendeley
        Desktop/Downloaded/Milner - 1978 - A Theory of Type Polymorphism in
            Programming.pdf:pdf},
    journal = {Journal of Computer and System Sciences},
    number = {3},
    pages = {348--375},
    title = {{A Theory of Type Polymorphism in Programming}},
    url = {http://www.sciencedirect.com/science/article/pii/0022000078900144},
    volume = {17},
    year = {1978}
}
@article{Best1992,
    author = {Best, Eike and Devillers, Raymond and Hall, Jon G.},
    file = {:Users/owenstephens/Library/Application Support/Mendeley
        Desktop/Downloaded/Best, Devillers, Hall - 1992 - The box calculus a
            new causal algebra with multi-label communication.pdf:pdf},
    journal = {Advances in Petri Nets},
    pages = {21--69},
    publisher = {Springer Berlin Heidelberg},
    title = {{The Box Calculus: a New Causal Algebra with Multi-label
        Communication}},
    url = {http://link.springer.com/chapter/10.1007/3-540-55610-9\_167
        http://www.springerlink.com/index/p8g077k2p883013r.pdf},
    year = {1992}
}
@inproceedings{Mazurkiewicz1988,
    author = {Mazurkiewicz, Antoni},
    booktitle = {Advances in Petri Nets},
    file =
    {:Users/owenstephens/Downloads/chp\%3A10.1007\%2F3-540-50580-6\_35.pdf:pdf},
    issn = {01692968},
    pages = {307--330},
    publisher = {Springer-Verlag},
    title = {{Compositional Semantics of Pure Place/Transition Systems}},
    volume = {340},
    year = {1988}
}
@inproceedings{Baldan2001,
    author = {Baldan, Paolo and Corradini, Andrea and Ehrig, H and Heckel, R},
    booktitle = {Concurrency Theory},
    doi = {10.1007/3-540-44685-0\_34},
    file = {:Users/owenstephens/Downloads/open-ext.ps:ps},
    isbn = {978-3-540-42497-0},
    pages = {502--518},
    publisher = {Springer-Verlag Berlin Heidelberg},
    title = {{Compositional Modeling of Reactive Systems Using Open Nets}},
    url = {http://dx.doi.org/10.1007/3-540-44685-0\_34},
    volume = {2154},
    year = {2001}
}
@inproceedings{Reisig2009,
    author = {Reisig, Wolfgang},
    booktitle = {Application and Theory of Petri Nets},
    doi = {10.1007/978-3-642-02424-5\_4},
    file = {:Users/owenstephens/Documents/Mendeley Desktop/Reisig - 2009 -
        Simple Composition of Nets.pdf:pdf},
    isbn = {3642024238},
    issn = {03029743},
    pages = {23--42},
    publisher = {Springer Berlin Heidelberg},
    title = {{Simple Composition of Nets}},
    year = {2009}
}
@inproceedings{Best1995,
    author = {Best, Eike and Koutny, Maciej and Hildesheim, Universitgt},
    booktitle = {Application and Theory of Petri Nets},
    file = {:Users/owenstephens/Documents/Mendeley Desktop/Best, Koutny,
        Hildesheim - 1995 - A Refined View of the Box Algebra.pdf:pdf},
    pages = {1--20},
    publisher = {Springer-Verlag},
    title = {{A Refined View of the Box Algebra}},
    year = {1995}
}
@article{Priese1998,
    author = {Priese, Lutz and Wimmel, Harro},
    file = {:Users/owenstephens/Documents/Mendeley Desktop/Priese, Wimmel -
        1998 - A Uniform Approach to True-concurrency and Interleaving
            Semantics for Petri
            Nets.pdf:pdf;:Users/owenstephens/Documents/Mendeley Desktop/Priese,
        Wimmel - 1998 - A Uniform Approach to True-concurrency and Interleaving
            Semantics for Petri Nets(2).pdf:pdf},
    journal = {Theoretical Computer Science},
    pages = {219--256},
    title = {{A Uniform Approach to True-concurrency and Interleaving Semantics
        for Petri Nets}},
    volume = {206},
    year = {1998}
}
@inproceedings{Katis2004,
    author = {Katis, Piergiulio and Sabadini, N and Walters, R. F. C.},
    booktitle = {Proceedings of the Workshop of the COMETA Project on
        Computational Metamodels},
    doi = {10.1016/j.entcs.2004.08.025},
    file = {:Users/owenstephens/Documents/Mendeley Desktop/Katis, Sabadini,
        Walters - 2004 - Compositional Minimization in Span(Graph) Some
            Examples.pdf:pdf},
    pages = {181--197},
    title = {{Compositional Minimization in Span(Graph): Some Examples}},
    year = {2004}
}
@inproceedings{Katis1997,
    address = {Sydney, Australia},
    author = {Katis, Piergiulio and Sabadini, N. and Walters, R. F. C.},
    booktitle = {Algebraic Methodology and Software Technology},
    editor = {Johnson, Michael},
    file = {:Users/owenstephens/Documents/Mendeley Desktop/Katis, Sabadini,
        Walters - 1997 - Span (Graph) A Categorical Algebra of Transition
            Systems.pdf:pdf},
    pages = {307--321},
    publisher = {Springer Berlin Heidelberg},
    title = {{Span (Graph): A Categorical Algebra of Transition Systems}},
    url = {http://link.springer.com/chapter/10.1007/BFb0000479},
    year = {1997}
}
@inproceedings{Katis1997a,
    author = {Katis, Piergiulio and Sabadini, N. and Walters, R. F. C.},
    booktitle = {Algebraic Methodology and Software Technology},
    editor = {Johnson, Michael},
    file = {:Users/owenstephens/Documents/Mendeley Desktop/Katis, Sabadini,
        Walters - 1997 - Representing PlaceTransition Nets in
            Span(Graph).pdf:pdf},
    pages = {322--336},
    publisher = {Springer Berlin Heidelberg},
    title = {{Representing Place/Transition Nets in Span(Graph)}},
    url = {http://link.springer.com/chapter/10.1007/BFb0000480},
    year = {1997}
}
@inproceedings{Sobocinski2010,
    author = {Soboci{\'n}ski, Pawe{\l}},
    booktitle = {21st International Conference on Concurrency Theory},
    editor = {Laroussinie, Fran\c{c}ois and Gastin, Paul},
    file = {:Users/owenstephens/Documents/Mendeley Desktop/Sobociński - 2010 -
        Representations of Petri net Interactions.pdf:pdf},
    pages = {554--568},
    publisher = {Springer Berlin Heidelberg},
    title = {{Representations of Petri net Interactions}},
    url = {http://link.springer.com/chapter/10.1007/978-3-642-15375-4\_38},
    year = {2010}
}

@inproceedings{Bruni2011,
    address = {Aachen, Germany},
    author = {Bruni, Roberto and Melgratti, Hern\'{a}n and Montanari, Ugo},
    booktitle = {CONCUR 2011 - Concurrency Theory},
    editor = {Katoen, Joost-Pieter and K\"{o}nig, Barbara},
    file = {:Users/owenstephens/Documents/Mendeley Desktop/Bruni, Melgratti,
        Montanari - 2011 - A Connector Algebra for PT Nets
            Interactions.pdf:pdf},
    number = {Prin 2008},
    pages = {312--326},
    publisher = {Springer Berlin Heidelberg},
    title = {{A Connector Algebra for P/T Nets Interactions}},
    url = {http://link.springer.com/chapter/10.1007/978-3-642-23217-6\_21},
    year = {2011}
}
@article{Larsen1987,
    author = {Larsen, Kim G},
    file = {:Users/owenstephens/Documents/Mendeley Desktop/Larsen - 1987 - A
        Context Dependent Equivalence Between Processes.pdf:pdf},
    journal = {Theoretical Computer Science},
    pages = {185--215},
    title = {{A Context Dependent Equivalence Between Processes}},
    volume = {49},
    year = {1987}
}
@phdthesis{Petri1962,
    author = {Petri, Carl Adam},
    file = {:Users/owenstephens/Documents/Mendeley Desktop/Petri - 1962 - Kommunication mit Automaten.pdf:pdf},
    school = {Technischen Hoschule Darmstadt},
    title = {{Kommunication mit Automaten}},
    year = {1962}
}
